<record>
  <leader>09127nem a2200313 a 4500</leader>
  <controlfield tag="001">991000096609702696</controlfield>
  <controlfield tag="005">20190113170132.0</controlfield>
  <controlfield tag="008">051118s1926    xx            001 0 eng u</controlfield>
  <datafield tag="035" ind1=" " ind2=" ">
    <subfield code="a">(IL-JeALB)10261-972ai_inst</subfield>
  </datafield>
  <datafield tag="035" ind1=" " ind2=" ">
    <subfield code="a">10261</subfield>
    <subfield code="9">ExL</subfield>
  </datafield>
  <datafield tag="035" ind1=" " ind2=" ">
    <subfield code="a">map00000045</subfield>
  </datafield>
  <datafield tag="110" ind1="1" ind2=" ">
    <subfield code="a">Service Geographique de l'Armee</subfield>
  </datafield>
  <datafield tag="245" ind1="1" ind2="0">
    <subfield code="a">Levant 1:50,000.</subfield>
    <subfield code="h">[map]</subfield>
  </datafield>
  <datafield tag="255" ind1=" " ind2=" ">
    <subfield code="a">Scale 1:50,000.</subfield>
  </datafield>
  <datafield tag="260" ind1=" " ind2=" ">
    <subfield code="a">Paris :</subfield>
    <subfield code="b">France. Institut Geographique National,</subfield>
    <subfield code="c">1926-1957.</subfield>
  </datafield>
  <datafield tag="300" ind1=" " ind2=" ">
    <subfield code="a">1 map on 84 sheets ;</subfield>
    <subfield code="c">59.5 x 51 cm. or smaller, on 84 sheets 92 x 70 cm. or smaller.</subfield>
  </datafield>
  <datafield tag="505" ind1="0" ind2=" ">
    <subfield code="a">Sheets: NI-36-XII-1a. Naqoura (2nd ed., 1945) -- NI-36-XII-1b. Bennt Jbail (2nd ed., 1945) -- NI-36-XII-1d. Tyr-Nabatiye (1st ed., 1945) -- NI-36-XII-2a. Houle (1945) -- NI-36-XII-2b. Qnaitra (1945) -- NI-36-XII-2c. Marjayoun (2nd ed., 1944) -- NI-36-XII-2d. Hermon (Rachaiya-Sud) (1st ed., 1945) -- NI-36-XII-3d/4c. Beyrouth (1951) -- NI-36-XII-4a. Djezzine (1953) -- NI-36-XII-4b. Rachaya-Nord (1955) -- NI-36-XII-4d. Zahle (1952) -- NI-36-XVIII-2a. Jebail (1952) -- [substitute for NI-36-XVIII-2b]. Yammoune-Les Cedres. Coupure speciale (1938) -- NI-36-XVIII-2c. Batroun (1952) -- NI-36-XVIII-2d. Tripoli (1933) -- NI-37-XVIII-4b. Hamidieh [corr. to NI-36] (1933) -- NI-36-XVIII-4d. Tartous (1943) -- NI-36-XXIV-2d. Djeble (1930) -- NI-36-XXIV-4b. Lattaquie (1928) -- NI-36-XXIV-4d. Kessab (1943) -- [NI-37-VII]. Environs de Damas. Coupure speciale (1941) -- NI-37-VII-1a. Sanameine (1943) -- NI-37-VII-1b. Mesmiye (1943) -- NI-37-VII-1c. Katana (1943) -- NI-37-VII-1d. Damas-Sud (1941) -- NI-37-VII-3a. Zebdani (1929) -- NI-37-VII-3b. Damas-Nord (1943) -- NI-37-VII-3c. Rayak (1957) -- NI-37-VII-3d. Aassal el Ouard (1945) -- NI-37-VII-4a. Dmeir (1st ed., 1945) -- NI-37-VII-4c. Jairoud (1945) -- NI-37-XIII-1a. Baalbek (1943) -- NI-37-XIII-1b. Aarsal (1945) -- NI-37-XIII-1c. Sir ed Danie (1943) -- NI-37-XIII-1d. Hermel (1945) -- NI-37-XIII-2a. Nebek (1945) -- NI-37-XIII-2b. Deir Aatiye (1st ed., 1944) -- NI-37-XIII-2c. Joussie (1945) -- NI-37-XIII-3a. Halba (1933) -- NI-37-XIII-3b. Tell Kalakh (1934) -- NI-37-XIII-4. Environs d'Homs. Coupure speciale (1931) -- NI-37-XIII-4a. Homs (1934) -- NI-37-XIII-4c/4d. Rastane-Mecherfeh (n.d.) -- NI-37-XIX-1a. Qadmous (1945) -- NI-37-XIX-1b. Massiaf (1st ed., 1945) -- NI-37-XIX-1c. Qerdaha (1945) -- NI-37-XIX-1d. Rhab-Sud (1st ed., 1944) -- NI-37-XIX-2a/2b. Environs de Hama. Coupure speciale (1942) -- NI-37-XIX-2b. Hama Est (1945) -- NI-37-XIX-2c. Khane Cheikhoun (1st ed., 1944) -- NI-36-XIX-2d. Hamdaniye [corr. to NI-37] (1st ed., 1944) -- NI-37-XIX-3a. Haffe (1943) -- NI-37-XIX-3b. Rhab-Nord (1st ed., 1944) -- NI-37-XIX-3c. Ordu (El Ordou) (1943) -- NI-37-XIX-3d. Jisr Ech Chorhour (1st ed., 1944) -- NI-37-XIX-4a. Maarret Enn Naamane (1945) -- NI-37-XIX-4b. Jarjanaz (1st ed., 1944) -- NI-37-XIX-4c. Idlib (1st ed., 1944) -- NI-37-XIX-4d. Saraqeb (1943) -- NJ-37-I-1b. Salqine (1945) -- NJ-37-I-1d. Amouk (1942) -- NJ-37-I-2a. Harim (1936) -- NJ-37-I-2b. Ouroum es Soughra (1936) -- NJ-37-I-2c. El Hammam (1944) -- NJ-37-I-2d. Jebel Samaane (2nd ed., 1944) -- NJ-37-I-4a. Radjou (1944) -- NJ-37-I-4b. Aafrine (1942) -- NJ-37-I-4c. Meidane Ekbez (1945) -- NJ-37-I-4d. Bulbul (1942) -- NJ-37-II-1a. Alep (1942) -- NJ-37-II-1b. Sfire (1936) -- NJ-37-II-1c. Tell Rifat (1934) -- NJ-37-II-1d. Ouest del Bab (1936) -- NJ-37-II-3a. Aazaz (1945) -- NJ-37-II-3b. Tchobane Bey (1942) -- NJ-37-II-4a. Nabrha (1942) -- NJ-37-II-4b. Mennbidj (1942) -- NJ-37-II-4d. Hulmene (1942) -- NJ-37-III-3a. Hammam Serhir (1942) -- NJ-37-III-3b. Sirrine (1945) -- NJ-37-III-3c. Djerablous (1942) -- NJ-37-III-3d. Ain el Aarab (Aarab Peunar) (1945) -- NJ-37-III-4a. Raqqas (1945) -- NJ-37-III-4c. Kharab-Nas (1945).</subfield>
  </datafield>
  <datafield tag="506" ind1=" " ind2=" ">
    <subfield code="a">May require conservation work before use.</subfield>
  </datafield>
  <datafield tag="546" ind1=" " ind2=" ">
    <subfield code="a">English and French.</subfield>
  </datafield>
  <datafield tag="595" ind1=" " ind2=" ">
    <subfield code="a">Sheet sizes: NJ-37-I-4b, NJ-37-II-4b, 92 x 64 cm.; NI-36-XII-2b, 90 x 67 cm.; NI-36-XXIV-4d, NI-37-VII-1a, NJ-37-II-4a, 90 x 63 cm.; NI-36-XII-2c, NI-37-XIX-1d, NI-37-XIX-4d, 90 x 62 cm.; NI-36-XVIII-4d, NI-37-XIX-4b, NI-37-XIX-4c, NJ-37-II-3a, NJ-37-II-3b, NJ-37-III-3b, NJ-37-III-3d, NJ-37-III-4a, 90 x 61 cm.; NI-37-XIX-1b, 90 x 60 cm.; NI-37-VII-4c, NI-37-XIII-1d, NI-37-XIX-2c, NI-37-XIX-3a, NI-37-XIX-3d, 90 x 59 cm.; NI-37-VII-1b, NI-37-XIII-2b, NI-37-XIX-2b, NI-37-XIX-3c, NI-37-XIX-4a, 90 x 58 cm.; NI-37-XIII-2c, NI-37-XIX-3b, 90 x 57 cm.; NI-37-XIII-1b, 89 x 63 cm.; NI-36-XII-1a, NI-36-XII-2a, 89 x 62 cm.; NI-37-VII-4a, 89 x 61 cm.; NI-36-XII-1b, 89 x 59 cm.; NI-36-XII-1d, 88 x 70 cm.; NJ-37-I-1b, NJ-37-I-4a, 88 x 58 cm.; NJ-37-I-1d, 87 x 64 cm.; NI-3[7]-XIX-2d, 87 x 61 cm.; NI-37-VII-3d, 87 x 58 cm.; NJ-37-I-2c, 86 x 64 cm.; NI-37-VII-3b, 86 x 61 cm.; NI-36-XII-2d, 86 x 59 cm.; NI-37-XIII-2a, 86 x 58 cm.; NI-37-XIX-2a/2b, NJ-37-II-1a, 85 x 64 cm.; NJ-37-I-2d, 85 x 61 cm.; NJ-37-III-3c, 84 x 62 cm.; NJ-37-III-3a, 84 x 61 cm.; NJ-37-I-2b, NJ-37-II-1d, 80 x 60 cm.; NI-37-VII-1d, 79 x 60 cm.; NI-3[6]-XVIII-4b, NI-37-XIII-1c, 78 x 60 cm.; NI-36-XII-4b, 78 x 59 cm.; [NI-37-VII], 76 x 62 cm.; NI-36-XVIII-2a, NI-36-XVIII-2c, NI-36-XXIV-2d, 76 x 56 cm.; NI-36-XII-4a, NI-37-VII-1c, 75 x 60 cm.; NI-37-XIII-3a, 75 x 57 cm.; NJ-37-I-2a, 74 x 58 cm.; NI-36-XXIV-4b, 73 x 60 cm.; NI-37-VII-3a, 73 x 57 cm.; NI-36-XVIII-2d, NI-37-VII-3c, NI-37-XIII-1a, NI-37-XIII-3b, NI-37-XIII-4c/4d, 73 x 56 cm.; NJ-37-II-1b, 73 x 55 cm.; NI-36-XII-3d/4c, 72 x 65 cm.; NI-36-XII-4d, 72 x 57 cm.; NI-37-XIII-4, NI-37-XIII-4a, 72 x 56 cm.; NJ-37-II-1c, 71 x 54 cm.; NI-37-XIX-1c, 70 x 58 cm.; NI-37-XIX-1a, 69 x 57 cm.; NJ-37-II-4d, 66 x 64 cm.; [NI-36-XVIII-2b], 65 x 57 cm.; NJ-37-I-4d, 63 x 61 cm.; NJ-37-I-4c, 62 x 62 cm.; NJ-37-III-4c, 62 x 56 cm.</subfield>
  </datafield>
  <datafield tag="651" ind1=" " ind2="0">
    <subfield code="a">Asia</subfield>
    <subfield code="z">Middle East</subfield>
    <subfield code="z">Levant</subfield>
    <subfield code="v">Maps.</subfield>
  </datafield>
  <datafield tag="710" ind1="1" ind2=" ">
    <subfield code="b">Service Geographique des F.F.L.</subfield>
  </datafield>
  <datafield tag="710" ind1="2" ind2=" ">
    <subfield code="b">Service Geographique du Levant</subfield>
  </datafield>
  <datafield tag="710" ind1="2" ind2=" ">
    <subfield code="b">Service Geographique des Forces Françaises du Levant</subfield>
  </datafield>
  <datafield tag="913" ind1=" " ind2=" ">
    <subfield code="1">55</subfield>
    <subfield code="2">Publisher</subfield>
    <subfield code="5">Uncertain</subfield>
    <subfield code="6">Full</subfield>
  </datafield>
  <datafield tag="949" ind1=" " ind2=" ">
    <subfield code="a">MAPS 34-NI-36-XII-1a to 34-NJ-37-III-4c</subfield>
  </datafield>
  <datafield tag="951" ind1=" " ind2=" ">
    <subfield code="a">451 (NI-36-XII-1a), 452 (NI-36-XII-1b), 447 (NI-36-XII-1d), 453 (NI-36-XII-2a), 454 (NI-36-XII-2b), 448 (NI-36-XII-2c), 449 (NI-36-XII-2d), 462 (NI-36-XII-3d/4c), 459 (NI-36-XII-4a), 460 (NI-36-XII-4b), 463 (NI-36-XII-4d), 465 (NI-36-XVIII-2a), 502 ([NI-36-XVIII-2b]), 471 (NI-36-XVIII-2c), 472 (NI-36-XVIII-2d), 467 (NI-3[6]-XVIII-4b), 437 (NI-36-XVIII-4d), 476 (NI-36-XXIV-2d), 477 (NI-36-XXIV-4b), 421 (NI-36-XXIV-4d), 474 ([NI-37-VII]), 455 (NI-37-VII-1a), 456 (NI-37-VII-1b), 450 (NI-37-VII-1c), 458 (NI-37-VII-1d), 461 (NI-37-VII-3a), 445 (NI-37-VII-3b), 464 (NI-37-VII-3c), 443 (NI-37-VII-3d), 446 (NI-37-VII-4a), 444 (NI-37-VII-4c), 466 (NI-37-XIII-1a), 440 (NI-37-XIII-1b), 475 (NI-37-XIII-1c), 438 (NI-37-XIII-1d), 441 (NI-37-XIII-2a), 442 (NI-37-XIII-2b), 439 (NI-37-XIII-2c), 468 (NI-37-XIII-3a), 469 (NI-37-XIII-3b), 473 (NI-37-XIII-4), 470 (NI-37-XIII-4a), 501 (NI-37-XIII-4c/4d), 500 (NI-37-XIX-1a), 434 (NI-37-XIX-1b), 499 (NI-37-XIX-1c), 431 (NI-37-XIX-1d), 435 (NI-37-XIX-2a/2b), 436 (NI-37-XIX-2b), 432 (NI-37-XIX-2c), 433 (NI-3[7]-XIX-2d), 427 (NI-37-XIX-3a), 428a (NI-37-XIX-3b c.1), 428b (NI-37-XIX-3b c.2), 422 (NI-37-XIX-3c), 423 (NI-37-XIX-3d), 429 (NI-37-XIX-4a), 430 (NI-37-XIX-4b), 424 (NI-37-XIX-4c), 425 (NI-37-XIX-4d), 419 (NJ-37-I-1b), 498 (NJ-37-I-1d), 478 (NJ-37-I-2a), 480 (NJ-37-I-2b), 417 (NJ-37-I-2c), 418 (NJ-37-I-2d), 489 (NJ-37-I-4a), 490 (NJ-37-I-4b), 483 (NJ-37-I-4c), 484 (NJ-37-I-4d), 420 (NJ-37-II-1a), 479 (NJ-37-II-1b), 482 (NJ-37-II-1c), 481 (NJ-37-II-1d), 491 (NJ-37-II-3a), 492 (NJ-37-II-3b), 493 (NJ-37-II-4a), 494 (NJ-37-II-4b), 485 (NJ-37-II-4d), 495 (NJ-37-III-3a), 496 (NJ-37-III-3b), 486 (NJ-37-III-3c), 487 (NJ-37-III-3d), 497 (NJ-37-III-4a), 488 (NJ-37-III-4c).</subfield>
  </datafield>
  <datafield tag="953" ind1=" " ind2=" ">
    <subfield code="n">Stored in 6 folders. Folder 1: 34-NI-36-XII-1a, -NI-36-XII-1b, -NI-36-XII-1d, -NI-36-XII-2a, -NI-36-XII-2b, -NI-36-XII-2c, -NI-36-XII-2d, -NI-36-XII-3d/4c, -NI-36-XII-4a, -NI-36-XII-4b, -NI-36-XII-4d, -NI-36-XVIII-2a, [-NI-36-XVIII-2b], -NI-36-XVIII-2c, -NI-36-XVIII-2d, -NI-3[6]-XVIII-4b, -NI-36-XVIII-4d, -NI-36-XXIV-2d, -NI-36-XXIV-4b, -NI-36-XXIV-4d. Folder 2: [34-NI-37-VII], -NI-37-VII-1a, -NI-37-VII-1b, -NI-37-VII-1c, -NI-37-VII-1d, -NI-37-VII-3a, -NI-37-VII-3b, -NI-37-VII-3c, -NI-37-VII-3d, -NI-37-VII-4a, -NI-37-VII-4c. Folder 3: 34-NI-37-XIII-1a, -NI-37-XIII-1b, -NI-37-XIII-1c, -NI-37-XIII-1d, -NI-37-XIII-2a, -NI-37-XIII-2b, -NI-37-XIII-2c, -NI-37-XIII-3a, -NI-37-XIII-3b, -NI-37-XIII-4, -NI-37-XIII-4a, -NI-37-XIII-4c/4d. Folder 4: 34-NI-37-XIX-1a, -NI-37-XIX-1b, -NI-37-XIX-1c, -NI-37-XIX-1d, -NI-37-XIX-2a/2b, -NI-37-XIX-2b, -NI-37-XIX-2c, -NI-3[7]-XIX-2d , -NI-37-XIX-3a, -NI-37-XIX-3b, -NI-37-XIX-3c, -NI-37-XIX-3d, -NI-37-XIX-4a, -NI-37-XIX-4b, -NI-37-XIX-4c, -NI-37-XIX-4d. Folder 5: 34-NJ-37-I-1b, -NJ-37-I-1d, -NJ-37-I-2a, -NJ-37-I-2b, -NJ-37-I-2c, -NJ-37-I-2d, -NJ-37-I-4a, -NJ-37-I-4b, -NJ-37-I-4c, -NJ-37-I-4d. Folder 6: 34-NJ-37-II-1a, -NJ-37-II-1b, -NJ-37-II-1c, -NJ-37-II-1d, -NJ-37-II-3a, -NJ-37-II-3b, -NJ-37-II-4a, -NJ-37-II-4b, -NJ-37-II-4d, -NJ-37-III-3a, -NJ-37-III-3b, -NJ-37-III-3c, -NJ-37-III-3d, -NJ-37-III-4a, -NJ-37-III-4c.</subfield>
  </datafield>
  <datafield tag="999" ind1=" " ind2=" ">
    <subfield code="a">MAP</subfield>
  </datafield>
</record>
